<?xml version="1.0" encoding="UTF-8"?><collection xmlns="http://www.loc.gov/MARC21/slim"><record><leader>00395nam--2200133-i-4500</leader><controlfield tag="001">000047745</controlfield><controlfield tag="002">20161230</controlfield><controlfield tag="005">20161230201046</controlfield><controlfield tag="008">060222s1000------------r-----000-0-eng-d</controlfield><datafield ind1=" " ind2=" " tag="080"><subfield code="a">543.51:537.534.35(043)</subfield></datafield><datafield ind1=" " ind2=" " tag="100"><subfield code="a">Wolf,Alois</subfield></datafield><datafield ind1=" " ind2=" " tag="245"><subfield code="a">Quantitative mikroanalyse durch auslosung von ionen mit gepulsten elektronenstrahlem. dissertation</subfield></datafield><datafield ind1=" " ind2=" " tag="260"><subfield code="a">Tubingen, Univ.,1979. 65 P</subfield></datafield><datafield ind1=" " ind2=" " tag="852"><subfield code="a">48460</subfield></datafield></record></collection>